[gd_scene load_steps=5 format=2]

[ext_resource path="res://assets/TruckWindows.png" type="Texture" id=1]
[ext_resource path="res://src/TimeDependent/Vehicles/Vehicle.tscn" type="PackedScene" id=2]
[ext_resource path="res://assets/TruckBody.png" type="Texture" id=3]

[sub_resource type="RectangleShape2D" id=1]
extents = Vector2( 699.104, 279.784 )

[node name="Truck" instance=ExtResource( 2 )]

[node name="Exhaust" parent="." index="0"]
position = Vector2( -689.977, -113.221 )

[node name="Smoke1" parent="Exhaust" index="0"]
position = Vector2( 0, 0 )

[node name="Smoke2" parent="Exhaust" index="1"]
position = Vector2( -39.6427, 14.1581 )

[node name="Smoke3" parent="Exhaust" index="2"]
position = Vector2( -55.6885, -12.2704 )

[node name="Smoke5" parent="Exhaust" index="3"]
position = Vector2( -82.1057, 25.6668 )

[node name="Smoke6" parent="Exhaust" index="4"]
position = Vector2( -102.914, -15.4452 )

[node name="Smoke4" parent="Exhaust" index="5"]
position = Vector2( 0, 0 )

[node name="Body" parent="." index="1"]
modulate = Color( 0.521569, 0.0823529, 0.0823529, 1 )
texture = ExtResource( 3 )

[node name="Windows" parent="." index="2"]
position = Vector2( -15, 0 )
texture = ExtResource( 1 )

[node name="CollisionShape2D" parent="." index="3"]
visible = false
shape = SubResource( 1 )
