[gd_scene load_steps=5 format=2]

[ext_resource path="res://assets/Smoke.png" type="Texture" id=1]
[ext_resource path="res://src/TimeDependent/Vehicles/Vehicle.gd" type="Script" id=2]

[sub_resource type="RectangleShape2D" id=1]
extents = Vector2( 228.952, 78.6938 )

[sub_resource type="Animation" id=2]
resource_name = "smoke"
length = 0.2
loop = true
step = 0.001
tracks/0/type = "value"
tracks/0/path = NodePath("Exhaust/Smoke1:position")
tracks/0/interp = 1
tracks/0/loop_wrap = true
tracks/0/imported = false
tracks/0/enabled = true
tracks/0/keys = {
"times": PoolRealArray( 0, 0.2 ),
"transitions": PoolRealArray( 1, 1 ),
"update": 0,
"values": [ Vector2( 0, 0 ), Vector2( -39.643, 14.158 ) ]
}
tracks/1/type = "value"
tracks/1/path = NodePath("Exhaust/Smoke2:position")
tracks/1/interp = 1
tracks/1/loop_wrap = true
tracks/1/imported = false
tracks/1/enabled = true
tracks/1/keys = {
"times": PoolRealArray( 0, 0.2 ),
"transitions": PoolRealArray( 1, 1 ),
"update": 0,
"values": [ Vector2( -39.6427, 14.1581 ), Vector2( -82.1057, 25.6668 ) ]
}
tracks/2/type = "value"
tracks/2/path = NodePath("Exhaust/Smoke3:position")
tracks/2/interp = 1
tracks/2/loop_wrap = true
tracks/2/imported = false
tracks/2/enabled = true
tracks/2/keys = {
"times": PoolRealArray( 0, 0.2 ),
"transitions": PoolRealArray( 1, 1 ),
"update": 0,
"values": [ Vector2( -55.6885, -12.2704 ), Vector2( -102.914, -15.4452 ) ]
}
tracks/3/type = "value"
tracks/3/path = NodePath("Exhaust/Smoke4:position")
tracks/3/interp = 1
tracks/3/loop_wrap = true
tracks/3/imported = false
tracks/3/enabled = true
tracks/3/keys = {
"times": PoolRealArray( 0, 0.2 ),
"transitions": PoolRealArray( 1, 1 ),
"update": 0,
"values": [ Vector2( 0, 0 ), Vector2( -55.688, -12.27 ) ]
}
tracks/4/type = "value"
tracks/4/path = NodePath("Exhaust/Smoke6:position")
tracks/4/interp = 1
tracks/4/loop_wrap = true
tracks/4/imported = false
tracks/4/enabled = true
tracks/4/keys = {
"times": PoolRealArray( 0, 0.2 ),
"transitions": PoolRealArray( 1, 1 ),
"update": 0,
"values": [ Vector2( -102.914, -15.4452 ), Vector2( -150.54, -19.4038 ) ]
}
tracks/5/type = "value"
tracks/5/path = NodePath("Exhaust/Smoke5:position")
tracks/5/interp = 1
tracks/5/loop_wrap = true
tracks/5/imported = false
tracks/5/enabled = true
tracks/5/keys = {
"times": PoolRealArray( 0, 0.2 ),
"transitions": PoolRealArray( 1, 1 ),
"update": 0,
"values": [ Vector2( -82.1057, 25.6668 ), Vector2( -129.337, 35.975 ) ]
}
tracks/6/type = "value"
tracks/6/path = NodePath("Exhaust/Smoke5:modulate")
tracks/6/interp = 1
tracks/6/loop_wrap = true
tracks/6/imported = false
tracks/6/enabled = true
tracks/6/keys = {
"times": PoolRealArray( 0, 0.2 ),
"transitions": PoolRealArray( 1, 1 ),
"update": 0,
"values": [ Color( 1, 1, 1, 1 ), Color( 1, 1, 1, 0 ) ]
}
tracks/7/type = "value"
tracks/7/path = NodePath("Exhaust/Smoke6:modulate")
tracks/7/interp = 1
tracks/7/loop_wrap = true
tracks/7/imported = false
tracks/7/enabled = true
tracks/7/keys = {
"times": PoolRealArray( 0, 0.2 ),
"transitions": PoolRealArray( 1, 1 ),
"update": 0,
"values": [ Color( 1, 1, 1, 1 ), Color( 1, 1, 1, 0 ) ]
}
tracks/8/type = "value"
tracks/8/path = NodePath("Exhaust/Smoke4:scale")
tracks/8/interp = 1
tracks/8/loop_wrap = true
tracks/8/imported = false
tracks/8/enabled = true
tracks/8/keys = {
"times": PoolRealArray( 0, 0.2 ),
"transitions": PoolRealArray( 1, 1 ),
"update": 0,
"values": [ Vector2( 0.02, 0.02 ), Vector2( 0.132, 0.132 ) ]
}
tracks/9/type = "value"
tracks/9/path = NodePath("Exhaust/Smoke1:scale")
tracks/9/interp = 1
tracks/9/loop_wrap = true
tracks/9/imported = false
tracks/9/enabled = true
tracks/9/keys = {
"times": PoolRealArray( 0, 0.2 ),
"transitions": PoolRealArray( 1, 1 ),
"update": 0,
"values": [ Vector2( 0.02, 0.02 ), Vector2( 0.132, 0.132 ) ]
}
tracks/10/type = "value"
tracks/10/path = NodePath("Exhaust/Smoke5:scale")
tracks/10/interp = 1
tracks/10/loop_wrap = true
tracks/10/imported = false
tracks/10/enabled = true
tracks/10/keys = {
"times": PoolRealArray( 0, 0.2 ),
"transitions": PoolRealArray( 1, 1 ),
"update": 0,
"values": [ Vector2( 0.2, 0.2 ), Vector2( 0.25, 0.25 ) ]
}
tracks/11/type = "value"
tracks/11/path = NodePath("Exhaust/Smoke6:scale")
tracks/11/interp = 1
tracks/11/loop_wrap = true
tracks/11/imported = false
tracks/11/enabled = true
tracks/11/keys = {
"times": PoolRealArray( 0, 0.2 ),
"transitions": PoolRealArray( 1, 1 ),
"update": 0,
"values": [ Vector2( 0.2, 0.2 ), Vector2( 0.25, 0.25 ) ]
}
tracks/12/type = "value"
tracks/12/path = NodePath("Exhaust/Smoke3:scale")
tracks/12/interp = 1
tracks/12/loop_wrap = true
tracks/12/imported = false
tracks/12/enabled = true
tracks/12/keys = {
"times": PoolRealArray( 0, 0.2 ),
"transitions": PoolRealArray( 1, 1 ),
"update": 0,
"values": [ Vector2( 0.132, 0.132 ), Vector2( 0.2, 0.2 ) ]
}
tracks/13/type = "value"
tracks/13/path = NodePath("Exhaust/Smoke2:scale")
tracks/13/interp = 1
tracks/13/loop_wrap = true
tracks/13/imported = false
tracks/13/enabled = true
tracks/13/keys = {
"times": PoolRealArray( 0, 0.2 ),
"transitions": PoolRealArray( 1, 1 ),
"update": 0,
"values": [ Vector2( 0.132, 0.132 ), Vector2( 0.2, 0.2 ) ]
}

[node name="Vehicle" type="Area2D" groups=[
"obstacles",
]]
script = ExtResource( 2 )

[node name="Exhaust" type="Position2D" parent="."]
position = Vector2( -248.239, -48.1376 )
scale = Vector2( 4, 3 )

[node name="Smoke1" type="Sprite" parent="Exhaust"]
position = Vector2( -17.4429, 6.22952 )
scale = Vector2( 0.06928, 0.06928 )
texture = ExtResource( 1 )

[node name="Smoke2" type="Sprite" parent="Exhaust"]
position = Vector2( -58.3264, 19.2219 )
scale = Vector2( 0.16192, 0.16192 )
texture = ExtResource( 1 )

[node name="Smoke3" type="Sprite" parent="Exhaust"]
position = Vector2( -76.4675, -13.6673 )
scale = Vector2( 0.16192, 0.16192 )
texture = ExtResource( 1 )

[node name="Smoke5" type="Sprite" parent="Exhaust"]
modulate = Color( 1, 1, 1, 0.56 )
position = Vector2( -102.888, 30.2024 )
scale = Vector2( 0.222, 0.222 )
texture = ExtResource( 1 )

[node name="Smoke6" type="Sprite" parent="Exhaust"]
modulate = Color( 1, 1, 1, 0.56 )
position = Vector2( -123.869, -17.187 )
scale = Vector2( 0.222, 0.222 )
texture = ExtResource( 1 )

[node name="Smoke4" type="Sprite" parent="Exhaust"]
position = Vector2( -24.5027, -5.3988 )
scale = Vector2( 0.06928, 0.06928 )
texture = ExtResource( 1 )

[node name="Body" type="Sprite" parent="."]

[node name="Windows" type="Sprite" parent="."]

[node name="CollisionShape2D" type="CollisionShape2D" parent="."]
shape = SubResource( 1 )

[node name="ExhaustPlayer" type="AnimationPlayer" parent="."]
anims/smoke = SubResource( 2 )
