[gd_scene load_steps=15 format=2]

[ext_resource path="res://src/main.gd" type="Script" id=1]
[ext_resource path="res://src/GUI/GUI.tscn" type="PackedScene" id=2]
[ext_resource path="res://src/TimeDependent/Vehicles/Car.tscn" type="PackedScene" id=3]
[ext_resource path="res://src/Frog/Frog.tscn" type="PackedScene" id=4]
[ext_resource path="res://src/TimeDependent/Vehicles/Truck.tscn" type="PackedScene" id=5]
[ext_resource path="res://src/Decorations/Street.tscn" type="PackedScene" id=6]
[ext_resource path="res://src/GUI/PauseMenu.tscn" type="PackedScene" id=7]
[ext_resource path="res://assets/street.ogg" type="AudioStream" id=8]
[ext_resource path="res://assets/street_rev.ogg" type="AudioStream" id=9]
[ext_resource path="res://assets/bg2.png" type="Texture" id=10]
[ext_resource path="res://src/TimeDependent/Raindrop/Raindrop.tscn" type="PackedScene" id=11]
[ext_resource path="res://assets/RainRev.ogg" type="AudioStream" id=12]
[ext_resource path="res://assets/Rain.ogg" type="AudioStream" id=13]

[sub_resource type="RectangleShape2D" id=1]
extents = Vector2( 800, 10 )

[node name="Node" type="Node"]
script = ExtResource( 1 )
CarScene = ExtResource( 3 )
TruckScene = ExtResource( 5 )
FrogScene = ExtResource( 4 )
StreetScene = ExtResource( 6 )
RaindropScene = ExtResource( 11 )

[node name="bg" type="Sprite" parent="."]
texture = ExtResource( 10 )
offset = Vector2( 800, 450 )
__meta__ = {
"_edit_lock_": true
}

[node name="Decorations" type="Node" parent="."]

[node name="Frogs" type="Node" parent="."]

[node name="Vehicles" type="Node" parent="."]

[node name="Raindrops" type="Node" parent="."]

[node name="GUI" parent="." instance=ExtResource( 2 )]

[node name="Goal" type="Area2D" parent="." groups=[
"goals",
]]
position = Vector2( 800, 0 )

[node name="CollisionShape2D" type="CollisionShape2D" parent="Goal"]
shape = SubResource( 1 )

[node name="PauseOverlay" type="CanvasLayer" parent="."]
pause_mode = 2
layer = 5

[node name="PauseMenu" parent="PauseOverlay" instance=ExtResource( 7 )]

[node name="StreetNoise" type="AudioStreamPlayer" parent="."]
stream = ExtResource( 8 )
autoplay = true

[node name="StreetNoiseRev" type="AudioStreamPlayer" parent="."]
stream = ExtResource( 9 )
autoplay = true

[node name="Rain" type="AudioStreamPlayer" parent="."]
stream = ExtResource( 13 )
autoplay = true

[node name="RainRev" type="AudioStreamPlayer" parent="."]
stream = ExtResource( 12 )
autoplay = true
